@BOOK{LibroLatex,
author = {{Cascales Salinas, Bernardo} and others},
publisher = {ADI},
title = {\LaTeX{}, una imprenta en sus manos},
year = {2000}
}

@ARTICLE{armistice,
author = {{Cabrero, David}, {Abalde, Carlos},
{Varela, Carlos} and {Castro, Laura}},
title = {ARMISTICE: An Experience Developing
Management Software with Erlang},
journal = {Principles, Logics, and Implementations of
High-Level Programming Languages (PLI'03)},
month = {Agosto},
year = {2003}
}